@misc{Zeiler2012,
    title={ADADELTA: An Adaptive Learning Rate Method},
    author={Matthew D. Zeiler},
    year={2012},
    eprint={1212.5701},
    archivePrefix={arXiv},
    primaryClass={cs.LG}
}


@article{Ning1999,
	Author = {Qian, Ning},
	Journal = {Neural Networks},
	Number = {1},
	Pages = {145--151},
	Title = {On the momentum term in gradient descent learning algorithms},
	Volume = {12},
	Year = {1999}}


@inproceedings{Ranganath2013,
	author = {Ranganath, Rajesh and Wang, Chong and Blei, David M. and Xing, Eric P.},
	title = {An Adaptive Learning Rate for Stochastic Variational Inference},
	booktitle = {Proceedings of the 30th International Conference on International Conference on Machine Learning - Volume 28},
	year = {2013},
	pages = {II-298--II-306},
	url = {http://dl.acm.org/citation.cfm?id=3042817.3042927},
	publisher = {JMLR.org},
}

@inproceedings{Okuta2017,
  author       = "Okuta, Ryosuke and Unno, Yuya and Nishino, Daisuke and Hido, Shohei and Loomis, Crissman",
  title        = "CuPy: A NumPy-Compatible Library for NVIDIA GPU Calculations",
  booktitle    = "Proceedings of Workshop on Machine Learning Systems (LearningSys) in The Thirty-first Annual Conference on Neural Information Processing Systems (NIPS)",
  year         = "2017",
  url          = "http://learningsys.org/nips17/assets/papers/paper_16.pdf"
}

@misc{Ainsworth2018,
    title={Interpretable VAEs for nonlinear group factor analysis},
    author={Samuel Ainsworth and Nicholas Foti and Adrian KC Lee and Emily Fox},
    year={2018},
    eprint={1802.06765},
    archivePrefix={arXiv},
    primaryClass={cs.LG}
}


@article{Replogle2020,
	Author = {Replogle, Joseph M. and Norman, Thomas M. and Xu, Albert and Hussmann, Jeffrey A. and Chen, Jin and Cogan, J. Zachery and Meer, Elliott J. and Terry, Jessica M. and Riordan, Daniel P. and Srinivas, Niranjan and Fiddes, Ian T. and Arthur, Joseph G. and Alvarado, Luigi J. and Pfeiffer, Katherine A. and Mikkelsen, Tarjei S. and Weissman, Jonathan S. and Adamson, Britt},
	Journal = {Nature Biotechnology},
	Title = {Combinatorial single-cell CRISPR screens by direct guide RNA capture and targeted sequencing},
	Year = {2020}}


@misc{Casale2018,
    title={Gaussian Process Prior Variational Autoencoders},
    author={Francesco Paolo Casale and Adrian V Dalca and Luca Saglietti and Jennifer Listgarten and Nicolo Fusi},
    year={2018},
    eprint={1810.11738},
    archivePrefix={arXiv}
}