
@article{Alemany2018,
	Author = {Alemany, Anna and Florescu, Maria and Baron, Chlo{\'e}S. and Peterson-Maduro, Josi and van Oudenaarden, Alexander},
	Journal = {Nature},
	Number = {7699},
	Pages = {108--112},
	Title = {Whole-organism clone tracing using single-cell sequencing},
	Volume = {556},
	Year = {2018}}



@article{Baron2019,
	Author = {Baron, Chloe. and van Oudenaarden, Alexander},
	Journal = {Nature Reviews Molecular Cell Biology},
	Number = {12},
	Pages = {753--765},
	Title = {Unravelling cellular relationships during development and regeneration using genetic lineage tracing},
	Volume = {20},
	Year = {2019}}



@article{Mayr2019,
	Author = {Mayr, Urs and Serra, Denise and Liberali, Prisca},
	Journal = {Development},
	Number = {12},
	Pages = {dev176727},
	Title = {Exploring single cells in space and time during tissue development, homeostasis and regeneration},
	Volume = {146},
	Year = {2019}}



@article{Weinreb2018,
	Author = {Weinreb, Caleb and Wolock, Samuel and Tusi, Betsabeh K. and Socolovsky, Merav and Klein, Allon M.},
	Journal = {Proceedings of the National Academy of Sciences},
	Number = {10},
	Pages = {E2467},
	Title = {Fundamental limits on dynamic inference from single-cell snapshots},
	Volume = {115},
	Year = {2018}}



@article{Kester2018,
	Author = {Kester, Lennart and van Oudenaarden, Alexander},
	Journal = {Cell Stem Cell},
	Number = {2},
	Pages = {166--179},
	Title = {Single-Cell Transcriptomics Meets Lineage Tracing},
	Volume = {23},
	Year = {2018}}



@article{McKenna2019,
	Author = {McKenna, Aaron and Gagnon, James A.},
	Journal = {Development},
	Number = {12},
	Pages = {dev169730},
	Title = {Recording development with single cell dynamic lineage tracing},
	Volume = {146},
	Year = {2019}}



@article{Xia2019,
	Author = {Xia, Chenglong and Fan, Jean and Emanuel, George and Hao, Junjie and Zhuang, Xiaowei},
	Journal = {Proceedings of the National Academy of Sciences},
	Number = {39},
	Pages = {19490},
	Title = {Spatial transcriptome profiling by MERFISH reveals subcellular RNA compartmentalization and cell cycle-dependent gene expression},
	Volume = {116},
	Year = {2019}}



@article{Thornton2019,
	Author = {Thornton, Casey A. and Mulqueen, Ryan M. and Torkenczy, Kristof A. and Lowenstein, Eve G. and Fields, Andrew J. and Steemers, Frank J. and Wright, Kevin M. and Adey, Andrew C.},
	Journal = {bioRxiv},
	Pages = {815720},
	Title = {Spatially-mapped single-cell chromatin accessibility},
	Year = {2019}}



@article{Lubeck2014,
	Author = {Lubeck, Eric and Coskun, Ahmet F and Zhiyentayev, Timur and Ahmad, Mubhij and Cai, Long},
	Journal = {Nature Methods},
	Number = {4},
	Pages = {360--361},
	Title = {Single-cell in situ RNA profiling by sequential hybridization},
	Volume = {11},
	Year = {2014}}



@article{Eng2019,
	Author = {Eng, Chee-Huat Linus and Lawson, Michael and Zhu, Qian and Dries, Ruben and Koulena, Noushin and Takei, Yodai and Yun, Jina and Cronin, Christopher and Karp, Christoph and Yuan, Guo-Cheng and Cai, Long},
	Journal = {Nature},
	Number = {7751},
	Pages = {235--239},
	Title = {Transcriptome-scale super-resolved imaging in tissues by RNA seqFISH+},
	Volume = {568},
	Year = {2019}}



@article{Hendriks2019,
	Author = {Hendriks, Gert-Jan and Jung, Lisa A. and Larsson, Anton J. M. and Lidschreiber, Michael and Andersson Forsman, Oscar and Lidschreiber, Katja and Cramer, Patrick and Sandberg, Rickard},
	Journal = {Nature Communications},
	Number = {1},
	Pages = {3138},
	Title = {NASC-seq monitors RNA synthesis in single cells},
	Volume = {10},
	Year = {2019}}


@article{Gorin2020,
	Author = {Gorin, Gennady and Svensson, Valentine and Pachter, Lior},
	Journal = {Genome Biology},
	Number = {1},
	Pages = {39},
	Title = {Protein velocity and acceleration from single-cell multiomics experiments},
	Volume = {21},
	Year = {2020}}



@article{Grosswendt2020,
	Author = {Grosswendt, Stefanie and Kretzmer, Helene and Smith, Zachary D. and Kumar, Abhishek Sampath and Hetzel, Sara and Wittler, Lars and Klages, Sven and Timmermann, Bernd and Mukherji, Shankar and Meissner, Alexander},
	Journal = {Nature},
	Number = {7819},
	Pages = {102--108},
	Title = {Epigenetic regulator function through mouse gastrulation},
	Volume = {584},
	Year = {2020}}



@article{VanDenBink2020,
	Author = {van den Brink, Susanne C. and Alemany, Anna and van Batenburg, Vincent and Moris, Naomi and Blotenburg, Marloes and Vivi{\'e}, Judith and Baillie-Johnson, Peter and Nichols, Jennifer and Sonnen, Katharina F. and Martinez Arias, Alfonso and van Oudenaarden, Alexander},
	Journal = {Nature},
	Number = {7812},
	Pages = {405--409},
	Title = {Single-cell and spatial transcriptomics reveal somitogenesis in gastruloids},
	Volume = {582},
	Year = {2020}}



@article{Peng2019,
	Author = {Peng, Guangdun and Suo, Shengbao and Cui, Guizhong and Yu, Fang and Wang, Ran and Chen, Jun and Chen, Shirui and Liu, Zhiwen and Chen, Guoyu and Qian, Yun and Tam, Patrick P. L. and Han, Jing-Dong J. and Jing, Naihe},
	Journal = {Nature},
	Number = {7770},
	Pages = {528--532},
	Title = {Molecular architecture of lineage allocation and tissue organization in early mouse embryo},
	Volume = {572},
	Year = {2019}}



@article{Nowotschin2019,
	Author = {Nowotschin, Sonja and Setty, Manu and Kuo, Ying-Yi and Liu, Vincent and Garg, Vidur and Sharma, Roshan and Simon, Claire S. and Saiz, Nestor and Gardner, Rui and Boutet, Stephane C. and Church, Deanna M. and Hoodless, Pamela A. and Hadjantonakis, Anna-Katerina and Peer, Dana},
	Journal = {Nature},
	Number = {7756},
	Title = {The emergent landscape of the mouse gut endoderm at single-cell resolution},
	Volume = {569},
	Year = {2019}}


@Manual{Herve2020,
    title = {DelayedArray: A unified framework for working transparently with on-disk and in-memory array-like datasets},
    author = {Herve Pages, with contributions from Peter Hickey and Aaron Lun},
    year = {2020}
  }


@article{Jaitin2016,
	Author = {Jaitin, Diego Adhemar and Weiner, Assaf and Yofe, Ido and Lara-Astiaso, David and Keren-Shaul, Hadas and David, Eyal and Salame, Tomer Meir and Tanay, Amos and van Oudenaarden, Alexander and Amit, Ido},
	Journal = {Cell},
	Number = {7},
	Pages = {1883--1896.e15},
	Title = {Dissecting Immune Circuits by Linking CRISPR-Pooled Screens with Single-Cell RNA-Seq},
	Volume = {167},
	Year = {2016}}



@article{Dixit2016,
	Author = {Dixit, Atray and Parnas, Oren and Li, Biyu and Chen, Jenny and Fulco, Charles P. and Jerby-Arnon, Livnat and Marjanovic, Nemanja D. and Dionne, Danielle and Burks, Tyler and Raychowdhury, Raktima and Adamson, Britt and Norman, Thomas M. and Lander, Eric S. and Weissman, Jonathan S. and Friedman, Nir and Regev, Aviv},
	Journal = {Cell},
	Number = {7},
	Pages = {1853--1866.e17},
	Title = {Perturb-Seq: Dissecting Molecular Circuits with Scalable Single-Cell RNA Profiling of Pooled Genetic Screens},
	Volume = {167},
	Year = {2016}}



@article{Datlinger2017,
	Author = {Datlinger, Paul and Rendeiro, Andr{\'e}F and Schmidl, Christian and Krausgruber, Thomas and Traxler, Peter and Klughammer, Johanna and Schuster, Linda C and Kuchler, Amelie and Alpar, Donat and Bock, Christoph},
	Journal = {Nature Methods},
	Number = {3},
	Pages = {297--301},
	Title = {Pooled CRISPR screening with single-cell transcriptome readout},
	Volume = {14},
	Year = {2017}}



@article{Alda-Catalinas2020,
	Author = {Alda-Catalinas, Celia and Bredikhin, Danila and Hernando-Herraez, Irene and Santos, F{\'a}tima and Kubinyecz, Oana and Eckersley-Maslin, M{\'e}lanie A. and Stegle, Oliver and Reik, Wolf},
	Journal = {Cell Systems},
	Number = {1},
	Pages = {25--41.e9},
	Title = {A Single-Cell Transcriptomics CRISPR-Activation Screen Identifies Epigenetic Regulators of the Zygotic Genome Activation Program},
	Volume = {11},
	Year = {2020}}


@article{Ludwig2019,
	Author = {Ludwig, Leif S. and Lareau, Caleb A. and Ulirsch, Jacob C. and Christian, Elena and Muus, Christoph and Li, Lauren H. and Pelka, Karin and Ge, Will and Oren, Yaara and Brack, Alison and Law, Travis and Rodman, Christopher and Chen, Jonathan H. and Boland, Genevieve M. and Hacohen, Nir and Rozenblatt-Rosen, Orit and Aryee, Martin J. and Buenrostro, Jason D. and Regev, Aviv and Sankaran, Vijay G.},
	Journal = {Cell},
	Number = {6},
	Pages = {1325--1339.e22},
	Title = {Lineage Tracing in Humans Enabled by Mitochondrial Mutations and Single-Cell Genomics},
	Volume = {176},
	Year = {2019}}



@article{Soneson2020,
	Author = {Soneson, Charlotte and Srivastava, Avi and Patro, Rob and Stadler, Michael B},
	Journal = {bioRxiv},
	Pages = {2020.03.13.990069},
	Title = {Preprocessing choices affect RNA velocity results for droplet scRNA-seq data},
	Year = {2020}}



@article{Rubin2019,
	Author = {Rubin, Adam J. and Parker, Kevin R. and Satpathy, Ansuman T. and Qi, Yanyan and Wu, Beijing and Ong, Alvin J. and Mumbach, Maxwell R. and Ji, Andrew L. and Kim, Daniel S. and Cho, Seung Woo and Zarnegar, Brian J. and Greenleaf, William J. and Chang, Howard Y. and Khavari, Paul A.},
	Journal = {Cell},
	Number = {1},
	Pages = {361--376.e17},
	Title = {Coupled Single-Cell CRISPR Screening and Epigenomic Profiling Reveals Causal Gene Regulatory Networks},
	Volume = {176},
	Year = {2019}}



@article{Pijuan-Sala2020,
	Author = {Pijuan-Sala, Blanca and Wilson, Nicola K. and Xia, Jun and Hou, Xiaomeng and Hannah, Rebecca L. and Kinston, Sarah and Calero-Nieto, Fernando J. and Poirion, Olivier and Preissl, Sebastian and Liu, Feng and G{\"o}ttgens, Berthold},
	Journal = {Nature Cell Biology},
	Number = {4},
	Pages = {487--497},
	Title = {Single-cell chromatin accessibility maps reveal regulatory programs driving early mouse organogenesis},
	Volume = {22},
	Year = {2020}}


@Manual{reticulate,
author = {JJ Allaire and Kevin Ushey and Yuan Tang and Dirk Eddelbuettel},
title = {reticulate: R Interface to Python},
year = {2017},
url = {https://github.com/rstudio/reticulate},
}