@ARTICLE{Minka2001,
       author = {{Minka}, Thomas P.},
        title = "{Expectation Propagation for approximate Bayesian inference}",
      journal = {arXiv e-prints},
         year = "2013",
          eid = {arXiv:1301.2294},
        pages = {arXiv:1301.2294},
archivePrefix = {arXiv},
       eprint = {1301.2294}

}


@ARTICLE{Martens2014,
	author = {{Martens}, James},
	title = "{New insights and perspectives on the natural gradient method}",
	journal = {arXiv e-prints},
	year = "2014",
	eid = {arXiv:1412.1193},
	pages = {arXiv:1412.1193},
	archivePrefix = {arXiv},
	eprint = {1412.1193},
	primaryClass = {cs.LG}
}


@misc{Kristiadi2019,
	author = {Kristiadi, Agustinus},
	title = {Natural Gradient Descent},
	type = {Blog},
	number = {January 23},
	year = {2019},
	howpublished = {\url{https://wiseodd.github.io/techblog/2018/03/14/natural-gradient/}}
}

@incollection{Platt2008,
	title = {Fast Variational Inference for Large-scale Internet Diagnosis},
	author = {Emre Kiciman and David Maltz and John C. Platt},
	booktitle = {Advances in Neural Information Processing Systems 20},
	editor = {J. C. Platt and D. Koller and Y. Singer and S. T. Roweis},
	pages = {1169--1176},
	year = {2008},
	publisher = {Curran Associates, Inc.},
	url = {http://papers.nips.cc/paper/3292-fast-variational-inference-for-large-scale-internet-diagnosis.pdf}
}


@article{Ranganath2014,
	author = {{Ranganath}, Rajesh and {Gerrish}, Sean and {Blei}, David M.},
	title = "{Black Box Variational Inference}",
	journal = {arXiv e-prints},
	year = 2013,
	eid = {arXiv:1401.0118},
	pages = {arXiv:1401.0118},
	archivePrefix = {arXiv},
	eprint = {1401.0118},
	primaryClass = {stat.ML}
}



@book{Spall2003,
	title     = "Introduction to stochastic search and optimization: estimation, simulation, and control",
	author    = "Spall, James C",
	publisher = "J. Wiley",
	year      =  2003,
	address   = "Hoboken, N.J"
}


@book{Murphy,
	author = {Murphy, Kevin P.},
	title = {Machine Learning: A Probabilistic Perspective},
	year = {2012},
	isbn = {9780262018029},
	publisher = {The MIT Press},
}


@inproceedings{Ranganath2013,
	author = {Ranganath, Rajesh and Wang, Chong and Blei, David M. and Xing, Eric P.},
	title = {An Adaptive Learning Rate for Stochastic Variational Inference},
	booktitle = {Proceedings of the 30th International Conference on International Conference on Machine Learning - Volume 28},
	series = {ICML'13},
	year = {2013},
	pages = {II-298--II-306},
	url = {http://dl.acm.org/citation.cfm?id=3042817.3042927},
	publisher = {JMLR.org},
}

@article{Saul1996,
	author = {{Saul}, L.~K. and {Jaakkola}, T. and {Jordan}, M.~I.},
	title = "{Mean Field Theory for Sigmoid Belief Networks}",
	journal = {arXiv e-prints},
	year = 1996,
	eid = {cs/9603102},
	pages = {cs/9603102},
	archivePrefix = {arXiv},
	eprint = {cs/9603102}
}


@article{Zhao2009,
	title = "A note on variational Bayesian factor analysis",
	journal = "Neural Networks",
	volume = "22",
	number = "7",
	pages = "988 - 997",
	year = "2009",
	issn = "0893-6080",
	doi = "https://doi.org/10.1016/j.neunet.2008.11.002",
	url = "http://www.sciencedirect.com/science/article/pii/S0893608008002670",
	author = "Jian-hua Zhao and Philip L.H. Yu"
}


@incollection{Mackay1996,
	title={Bayesian methods for backpropagation networks},
	author={MacKay, David JC},
	booktitle={Models of neural networks III},
	pages={211--254},
	year={1996},
	publisher={Springer}
}


@article{Mitchell1988,
	title={Bayesian variable selection in linear regression},
	author={Mitchell, Toby J and Beauchamp, John J},
	journal={Journal of the American Statistical Association},
	volume={83},
	number={404},
	pages={1023--1032},
	year={1988},
	publisher={Taylor \& Francis}
}


@article{Gao2013,
	author = {{Gao}, Chuan and {Brown}, Christopher D and {Engelhardt}, Barbara E},
	title = "{A latent factor model with a mixture of sparse and dense factors to model gene expression data with confounding effects}",
	journal = {arXiv e-prints},
	year = 2013,
	eid = {arXiv:1310.4792},
	pages = {arXiv:1310.4792},
	archivePrefix = {arXiv},
	eprint = {1310.4792},
	primaryClass = {stat.AP},
	adsurl = {https://ui.adsabs.harvard.edu/\#abs/2013arXiv1310.4792G},
	adsnote = {Provided by the SAO/NASA Astrophysics Data System}
}




@article{Argelaguet2018,
	author = {Argelaguet, R. and Velten, B. and Arnol, D. and Dietrich, S. and Zenz, T. and Marioni, J. C. and Buettner, F. and Huber, W. and Stegle, O.},
	title = {Multi-Omics Factor Analysis-a framework for unsupervised integration of multi-omics data sets},
	journal = {Mol Syst Biol},
	volume = {14},
	number = {6},
	pages = {e8124},
	ISSN = {1744-4292 (Electronic) 1744-4292 (Linking)},
	DOI = {10.15252/msb.20178124},
	url = {https://www.ncbi.nlm.nih.gov/pubmed/29925568},
	year = {2018},
	type = {Journal Article}
}


@thesis{Beal2003,
	author       = {JM Beal},
	title        = {Variational algorithms for approximate bayesian inference},
	school       = {University College London},
	year         = {2003}
}


@article{Jordan1999,
  title    = "An Introduction to Variational Methods for Graphical Models",
  author   = "Jordan, Michael I and Ghahramani, Zoubin and Jaakkola, Tommi S
              and Saul, Lawrence K",
  journal  = "Mach. Learn.",
  volume   =  37,
  number   =  2,
  pages    = "183--233",
  year     =  1999
}


@article{Amari1998,
  title     = "Natural Gradient Works Efficiently in Learning",
  author    = "Amari, Shun-Ichi",
  journal   = "Neural Comput.",
  publisher = "MIT Press",
  volume    =  10,
  number    =  2,
  pages     = "251--276",
  year      =  1998
}


@article{Robbins-Monro1951,
	title     = "A stochastic approximation method",
	author    = "Robbins, H. and Monro, S.",
	journal   = "The Annals of Mathematical Statistics",
	volume    =  22,
	number    =  3,
	pages     = "400-407",
	year      =  1951
}


@article{Emtiyaz2018,
	author = {{Emtiyaz Khan}, Mohammad and {Nielsen}, Didrik},
	title = "{Fast yet Simple Natural-Gradient Descent for Variational Inference in Complex Models}",
	journal = {arXiv e-prints},
	year = 2018,
	eid = {arXiv:1807.04489},
	pages = {arXiv:1807.04489},
	archivePrefix = {arXiv},
	eprint = {1807.04489},
	primaryClass = {stat.ML}
}



@article{Hoffman2012,
	author = {{Hoffman}, Matt and {Blei}, David M. and {Wang}, Chong and {Paisley}, John},
	title = "{Stochastic Variational Inference}",
	journal = {arXiv e-prints},
	year = 2012,
	eid = {arXiv:1206.7051},
	pages = {arXiv:1206.7051},
	eprint = {1206.7051}
}


@inproceedings{Seeger2012,
	title={Fast variational Bayesian inference for non-conjugate matrix factorization models},
	author={Seeger, Matthias and Bouchard, Guillaume},
	booktitle={Artificial Intelligence and Statistics},
	pages={1012--1018},
	year={2012}
}


@article{Jaakkola2000,
	title={Bayesian parameter estimation via variational methods},
	author={Jaakkola, Tommi S and Jordan, Michael I},
	journal={Statistics and Computing},
	volume={10},
	number={1},
	pages={25--37},
	year={2000},
	publisher={Springer}
}


@inproceedings{Titsias2011,
	title={Spike and slab variational inference for multi-task and multiple kernel learning},
	author={Titsias, Michalis K and L{\'a}zaro-Gredilla, Miguel},
	booktitle={Advances in neural information processing systems},
	pages={2339--2347},
	year={2011}
}


@article{Bishop,
	title={Pattern recognition},
	author={Bishop, Christopher M},
	journal={Machine Learning},
	volume={128},
	pages={1--58},
	year={2006}
}




@inproceedings{cupy2017,
	author       = "Okuta, Ryosuke and Unno, Yuya and Nishino, Daisuke and Hido, Shohei and Loomis, Crissman",
	title        = "CuPy: A NumPy-Compatible Library for NVIDIA GPU Calculations",
	booktitle    = "Proceedings of Workshop on Machine Learning Systems (LearningSys) in The Thirty-first Annual Conference on Neural Information Processing Systems (NIPS)",
	year         = "2017",
	url          = "http://learningsys.org/nips17/assets/papers/paper_16.pdf"
}


@article{Zhang2017,
	author = {{Zhang}, Cheng and {Butepage}, Judith and {Kjellstrom}, Hedvig and
	{Mandt}, Stephan},
	title = "{Advances in Variational Inference}",
	journal = {arXiv e-prints},
	year = 2017,
	eid = {arXiv:1711.05597},
	pages = {arXiv:1711.05597},
	archivePrefix = {arXiv},
	eprint = {1711.05597}
}


@article{Hoffman2014,
	author = {{Hoffman}, Matthew D. and {Blei}, David M.},
	title = "{Structured Stochastic Variational Inference}",
	journal = {arXiv e-prints},
	year = 2014,
	eid = {arXiv:1404.4114},
	pages = {arXiv:1404.4114},
	archivePrefix = {arXiv},
	eprint = {1404.4114}
}


@article{Blei2016,
	author = {{Blei}, David M. and {Kucukelbir}, Alp and {McAuliffe}, Jon D.},
	title = "{Variational Inference: A Review for Statisticians}",
	journal = {arXiv e-prints},
	year = 2016,
	eid = {arXiv:1601.00670},
	pages = {arXiv:1601.00670},
	archivePrefix = {arXiv},
	eprint = {1601.00670},
	primaryClass = {stat.CO}
}

@PHDTHESIS{Hore2015-thesis,
  title  = "Latent Variable Models for Analysing Multidimensional Gene Expression Data",
  author = "Hore, Victoria",
  year   =  2015,
  school = "University of Oxford"
}

@article{Hore2016,
	title={Tensor decomposition for multiple-tissue gene expression experiments},
	author={Hore, Victoria and Vi{\~n}uela, Ana and Buil, Alfonso and Knight, Julian and McCarthy, Mark I and Small, Kerrin and Marchini, Jonathan},
	journal={Nature Genetics},
	volume={48},
	number={9},
	pages={1094--1100},
	year={2016},
	publisher={Nature Research}
}


@ARTICLE{Stigler2008,
       author = {{Stigler}, Stephen M.},
        title = "{The Epic Story of Maximum Likelihood}",
      journal = {arXiv e-prints},
         year = "2008",
          eid = {arXiv:0804.2996},
        pages = {arXiv:0804.2996},
archivePrefix = {arXiv},
       eprint = {0804.2996},
 primaryClass = {stat.ME}
}



@book{Hastie,
	author = {Hastie, Trevor and Tibshirani, Robert and Wainwright, Martin},
	title = {Statistical Learning with Sparsity: The Lasso and Generalizations},
	year = {2015},
	isbn = {9781498712163},
	publisher = {Chapman}
} 


@article{Kuhn,
	author={Kuhn, Max and Kjell, Johnson},
	title={Applied Predictive Modeling},
	year={2013},
	isbn = {9781461468493},
	publisher = {Springer}
}

@article{Bayes1763,
	author = {Thomas Bayes},
	title = {LII. An essay towards solving a problem in the doctrine of chances. By the late Rev. Mr. Bayes, F. R. S. communicated by Mr. Price, in a letter to John Canton, A. M. F. R. S},
	journal = {Philosophical Transactions of the Royal Society of London},
	volume = {53},
	pages = {370-418},
	year = {1763},
	doi = {10.1098/rstl.1763.0053}
}



@book{Raiffa1961,
  title={Applied statistical decision theory},
  author={Raiffa, H. and Schlaifer, R.},
  isbn={9780875840178},
  year={1961},
  publisher={Division of Research, Graduate School of Business Adminitration, Harvard University}
}


@misc{Gelman2013,
    author = {Gelman, Andrew and Carlin, John and Stern, Hal and Dunson, David and Vehtari, Aki and Rubin, Donald},
    day = {01},
    edition = {Third},
    howpublished = {Hardcover},
    isbn = {1439840954},
    publisher = {Chapman and Hall/CRC},
    title = {Bayesian Data Analysis, Third Edition},
    year = {2013}
}




@article{Jaynes1968,
	Author = {E.T. Jaynes},
	Journal = {IEEE Transactions on Systems Science and Cybernetics},
	Number = {3},
	Pages = {227--241},
	Title = {Prior Probabilities},
	Volume = {4},
	Year = {1968}
}



@article{Craiu2014,
	Author = {Craiu, Radu V. and Rosenthal, Jeffrey S.},
	Journal = {Annual Review of Statistics and Its Application},
	Month = {2019/03/14},
	Number = {1},
	Pages = {179--201},
	Title = {Bayesian Computation Via Markov Chain Monte Carlo},
	Volume = {1},
	Year = {2014}
}



@article{Carbonetto2012,
author = "Carbonetto, Peter and Stephens, Matthew",
doi = "10.1214/12-BA703",
fjournal = "Bayesian Analysis",
journal = "Bayesian Anal.",
number = "1",
pages = "73--108",
publisher = "International Society for Bayesian Analysis",
title = "Scalable Variational Inference for Bayesian Variable Selection in Regression, and Its Accuracy in Genetic Association Studies",
url = "https://doi.org/10.1214/12-BA703",
volume = "7",
year = "2012"
}


@article{Sanguinetti2006,
    author = {Sanguinetti, Guido and Lawrence, Neil D. and Rattray, Magnus},
    title = "{Probabilistic inference of transcription factor concentrations and gene-specific regulatory activities}",
    journal = {Bioinformatics},
    volume = {22},
    number = {22},
    pages = {2775-2781},
    year = {2006},
    issn = {1367-4803},
    doi = {10.1093/bioinformatics/btl473},
    url = {https://dx.doi.org/10.1093/bioinformatics/btl473},
    eprint = {http://oup.prod.sis.lan/bioinformatics/article-pdf/22/22/2775/16851948/btl473.pdf},
}




@article {Raj2014,
	author = {Raj, Anil and Stephens, Matthew and Pritchard, Jonathan K.},
	title = {fastSTRUCTURE: Variational Inference of Population Structure in Large SNP Data Sets},
	volume = {197},
	number = {2},
	pages = {573--589},
	year = {2014},
	doi = {10.1534/genetics.114.164350},
	publisher = {Genetics},
	issn = {0016-6731},
	URL = {http://www.genetics.org/content/197/2/573},
	eprint = {http://www.genetics.org/content/197/2/573.full.pdf},
	journal = {Genetics}
}


@article{Blei2003,
 author = {Blei, David M. and Ng, Andrew Y. and Jordan, Michael I.},
 title = {Latent Dirichlet Allocation},
 journal = {J. Mach. Learn. Res.},
 issue_date = {3/1/2003},
 volume = {3},
 year = {2003},
 issn = {1532-4435},
 pages = {993--1022},
 numpages = {30},
 url = {http://dl.acm.org/citation.cfm?id=944919.944937},
 acmid = {944937},
 publisher = {JMLR.org},
} 


@article{Nakajima2007,
	Author = {Nakajima, Shinichi and Watanabe, Sumio},
	Journal = {Neural Computation},
	Number = {4},
	Pages = {1112--1153},
	Title = {Variational Bayes Solution of Linear Neural Networks and Its Generalization Performance},
	Volume = {19},
	Year = {2007}}


@ARTICLE{Wang2012,
       author = {{Wang}, Chong and {Blei}, David M.},
        title = "{Variational Inference in Nonconjugate Models}",
      journal = {arXiv e-prints},
         year = "2012",
          eid = {arXiv:1209.4360},
        pages = {arXiv:1209.4360},
archivePrefix = {arXiv},
       eprint = {1209.4360}
}


@ARTICLE{Khan2017,
       author = {{Emtiyaz Khan}, Mohammad and {Lin}, Wu},
        title = "{Conjugate-Computation Variational Inference : Converting Variational Inference in Non-Conjugate Models to Inferences in Conjugate Models}",
      journal = {arXiv e-prints},
         year = "2017",
          eid = {arXiv:1703.04265},
        pages = {arXiv:1703.04265},
archivePrefix = {arXiv},
       eprint = {1703.04265}
}


@article{Blei2006,
author = "Blei, David M. and Jordan, Michael I.",
doi = "10.1214/06-BA104",
fjournal = "Bayesian Analysis",
journal = "Bayesian Anal.",
number = "1",
pages = "121--143",
publisher = "International Society for Bayesian Analysis",
title = "Variational inference for Dirichlet process mixtures",
url = "https://doi.org/10.1214/06-BA104",
volume = "1",
year = "2006"
}

@ARTICLE{Komili2008,
  title     = "Coupling and coordination in gene expression processes: a
               systems biology view",
  author    = "Komili, Suzanne and Silver, Pamela A",
  journal   = "Nat. Rev. Genet.",
  publisher = "Nature Publishing Group",
  volume    =  9,
  pages     = "38",
  year      =  2008
}

@ARTICLE{Leek2007,
  title     = "Capturing Heterogeneity in Gene Expression Studies by Surrogate
               Variable Analysis",
  author    = "Leek, Jeffrey T and Storey, John D",
  journal   = "PLoS Genet.",
  publisher = "Public Library of Science",
  volume    =  3,
  number    =  9,
  pages     = "e161",
  year      =  2007
}

@ARTICLE{Stegle2012,
  title    = "Using probabilistic estimation of expression residuals ({PEER})
              to obtain increased power and interpretability of gene expression
              analyses",
  author   = "Stegle, Oliver and Parts, Leopold and Piipari, Matias and Winn,
              John and Durbin, Richard",
  journal  = "Nat. Protoc.",
  volume   =  7,
  number   =  3,
  pages    = "500--507",
  year     =  2012,
  language = "en"
}




@article{Pournara2007,
	Author = {Pournara, Iosifina and Wernisch, Lorenz},
	Journal = {BMC Bioinformatics},
	Number = {1},
	Pages = {61},
	Title = {Factor analysis for gene regulatory networks and transcription factor activity profiles},
	Volume = {8},
	Year = {2007}}


@article{Dai2017,
    author = {Lawrence, Neil D and Dai, Zhenwen and Rattray, Magnus and Iqbal, Mudassar},
    title = "{Efficient inference for sparse latent variable models of transcriptional regulation}",
    journal = {Bioinformatics},
    volume = {33},
    number = {23},
    pages = {3776-3783},
    year = {2017},
    issn = {1367-4803},
    doi = {10.1093/bioinformatics/btx508},
    url = {https://dx.doi.org/10.1093/bioinformatics/btx508},
    eprint = {http://oup.prod.sis.lan/bioinformatics/article-pdf/33/23/3776/25168082/btx508.pdf},
}




@article{Genevieve2018,
	Author = {Stein-O'Brien, Genevieve L. and Arora, Raman and Culhane, Aedin C. and Favorov, Alexander V. and Garmire, Lana X. and Greene, Casey S. and Goff, Loyal A. and Li, Yifeng and Ngom, Aloune and Ochs, Michael F. and Xu, Yanxun and Fertig, Elana J.},
	Journal = {Trends in Genetics},
	Number = {10},
	Pages = {790--805},
	Title = {Enter the Matrix: Factorization Uncovers Knowledge from Omics},
	Volume = {34},
	Year = {2018}}


@ARTICLE{Lawrence2005,
  title    = "Probabilistic Non-linear Principal Component Analysis with
              Gaussian Process Latent Variable Models",
  author   = "Lawrence, Neil",
  journal  = "J. Mach. Learn. Res.",
  volume   =  6,
  number   = "Nov",
  pages    = "1783--1816",
  year     =  2005
}


@article{Rubin1982,
	Author = {Rubin, Donald B. and Thayer, Dorothy T.},
	Journal = {Psychometrika},
	Number = {1},
	Pages = {69--76},
	Title = {EM algorithms for ML factor analysis},
	Volume = {47},
	Year = {1982}}

@book{basilevsky2009statistical,
	title={Statistical factor analysis and related methods: theory and applications},
	author={Basilevsky, Alexander T},
	volume={418},
	year={2009},
	publisher={John Wiley \& Sons}
}




@article{Leppaaho2017,
  title={GFA: exploratory analysis of multiple data sources with group factor analysis},
  author={Lepp{\"a}aho, Eemeli and Kaski, Samuel},
  journal={Journal of Machine Learning Research},
  volume={18},
  pages={1--5},
  year={2017}
}



@inproceedings{Virtanen2012,
	title={Bayesian group factor analysis},
	author={Virtanen, Seppo and Klami, Arto and Khan, Suleiman and Kaski, Samuel},
	booktitle={Artificial Intelligence and Statistics},
	pages={1269--1277},
	year={2012}
}

@article{Klami2015,
	title={Group factor analysis},
	author={Klami, Arto and Virtanen, Seppo and Lepp{\"a}aho, Eemeli and Kaski, Samuel},
	journal={IEEE transactions on neural networks and learning systems},
	volume={26},
	number={9},
	pages={2136--2147},
	year={2015},
	publisher={IEEE}
}

@article{Bunte2016,
	title={Sparse group factor analysis for biclustering of multiple data sources},
	author={Bunte, Kerstin and Lepp{\"a}aho, Eemeli and Saarinen, Inka and Kaski, Samuel},
	journal={Bioinformatics},
	volume={32},
	number={16},
	pages={2457--2463},
	year={2016},
	publisher={Oxford Univ Press}
}


@article{Khan2014,
	title={Identification of structural features in chemicals associated with cancer drug response: a systematic data-driven analysis},
	author={Khan, Suleiman A and Virtanen, Seppo and Kallioniemi, Olli P and Wennerberg, Krister and Poso, Antti and Kaski, Samuel},
	journal={Bioinformatics},
	volume={30},
	number={17},
	pages={i497--i504},
	year={2014},
	publisher={Oxford Univ Press}
}


@article{Remes2015,
	title={Classification of weak multi-view signals by sharing factors in a mixture of Bayesian group factor analyzers},
	author={Remes, Sami and Mononen, Tommi and Kaski, Samuel},
	journal={arXiv preprint arXiv:1512.05610},
	year={2015}
}


@article{Klami2008,
	Author = {Klami, Arto and Kaski, Samuel},
	Journal = {Neurocomputing},
	Number = {1},
	Pages = {39--46},
	Title = {Probabilistic approach to detecting dependencies between data sets},
	Volume = {72},
	Year = {2008}
}



@article{Klami2013,
 author = {Klami, Arto and Virtanen, Seppo and Kaski, Samuel},
 title = {Bayesian Canonical Correlation Analysis},
 journal = {J. Mach. Learn. Res.},
 issue_date = {January 2013},
 volume = {14},
 number = {1},
 year = {2013},
 issn = {1532-4435},
 pages = {965--1003},
 numpages = {39},
 url = {http://dl.acm.org/citation.cfm?id=2567709.2502612},
 publisher = {JMLR.org}
} 	

@article{Li2016,
    author = {Li, Yifeng and Wu, Fang-Xiang and Ngom, Alioune},
    title = "{A review on machine learning principles for multi-view biological data integration}",
    journal = {Briefings in Bioinformatics},
    volume = {19},
    number = {2},
    pages = {325-340},
    year = {2016},
    issn = {1477-4054},
    doi = {10.1093/bib/bbw113},
    url = {https://dx.doi.org/10.1093/bib/bbw113}
}




@ARTICLE{Xu2013,
       author = {{Xu}, Chang and {Tao}, Dacheng and {Xu}, Chao},
        title = "{A Survey on Multi-view Learning}",
      journal = {arXiv e-prints},
         year = "2013",
          eid = {arXiv:1304.5634},
        pages = {arXiv:1304.5634},
archivePrefix = {arXiv},
       eprint = {1304.5634},
 primaryClass = {cs.LG},
       adsurl = {https://ui.adsabs.harvard.edu/\#abs/2013arXiv1304.5634X},
      adsnote = {Provided by the SAO/NASA Astrophysics Data System}
}



@book{Hardle2007,
	author 	     = {W Hardle and L Simar},
	title        = {Applied Multivariate Statistical Analysis},
	publisher    = {Springer},
	year         = {2007},
	isbn 		 = {978-3-540-72243-4},
	pages		 = {321-30}
}

@ARTICLE{Hotelling1933,
  title    = "Analysis of a complex of statistical variables into principal components",
  author   = "Hotelling, H.",
  journal  = "Journal of Educational Psychology",
  volume   =  24,
  number   =  6,
  pages    = "417-441",
  year     =  1933
}

@article{Hotteling1936,
    author = {Hotelling, Harold},
    title = "{Relations between two sets of variates}",
    journal = {Biometrika},
    volume = {28},
    number = {3-4},
    pages = {321-377},
    year = {1936},
    issn = {0006-3444},
    doi = {10.1093/biomet/28.3-4.321},
    url = {https://dx.doi.org/10.1093/biomet/28.3-4.321},
    eprint = {http://oup.prod.sis.lan/biomet/article-pdf/28/3-4/321/586830/28-3-4-321.pdf},
}




@article {McCabe2018,
	author = {McCabe, Sean D. and Lin, Dan-Yu and Love, Michael I},
	title = {MOVIE: Multi-Omics VIsualization of Estimated contributions},
	elocation-id = {379115},
	year = {2018},
	doi = {10.1101/379115},
	publisher = {Cold Spring Harbor Laboratory},
	URL = {https://www.biorxiv.org/content/early/2018/07/29/379115},
	eprint = {https://www.biorxiv.org/content/early/2018/07/29/379115.full.pdf},
	journal = {bioRxiv}
}


@article{Guo2016,
 author = {Guo, Yiwen and Ding, Xiaoqing and Liu, Changsong and Xue, Jing-Hao},
 title = {Sufficient Canonical Correlation Analysis},
 journal = {Trans. Img. Proc.},
 issue_date = {June 2016},
 volume = {25},
 number = {6},
 year = {2016},
 issn = {1057-7149},
 pages = {2610--2619},
 numpages = {10},
 url = {http://dx.doi.org/10.1109/TIP.2016.2551374},
 doi = {10.1109/TIP.2016.2551374}
} 

@TECHREPORT{Bach2005,
    author = {Francis R. Bach and Michael I. Jordan},
    title = {A probabilistic interpretation of canonical correlation analysis},
    year = {2005}
}

@article{Wang2007,
	author		 = {C Wang},
	title		 = {Variational Bayesian Approach to Canonical Correlation Analysis},
	journaltitle = {IEEE Trans Neural Netw},
	number 		 = {18},
	volume		 = {3},
	year         = {2007}
}

@Misc{Dietz2010-technical-report-graphs,
    title    = "Directed Factor Graph Notation for Generative Models",
    author   = "Dietz, Laura",
    journal  = "Technical Report",
    year     =  2010
}

@ARTICLE{Meng2016,
  title     = "Dimension reduction techniques for the integrative analysis of
               multi-omics data",
  author    = "Meng, Chen and Zeleznik, Oana A and Thallinger, Gerhard G and
               Kuster, Bernhard and Gholami, Amin M and Culhane, Aedin C",
  journal   = "Brief. Bioinform.",
  publisher = "Oxford University Press",
  volume    =  17,
  number    =  4,
  pages     = "628--641",
  year      =  2016
}


@article{Zhang2018_NN,
  title={Opening the black box of neural networks: methods for interpreting neural network models in clinical applications.},
  author={Zhongheng Zhang and Marcus W. Beck and David A. Winkler and Bin Huang and Wilbert Sibanda and Hemant Goyal},
  journal={Annals of translational medicine},
  year={2018},
  volume={6 11},
  pages={216}
}

@ARTICLE{Ringner2008,
  title     = "What is principal component analysis?",
  author    = "Ringn{\'e}r, Markus",
  journal   = "Nat. Biotechnol.",
  publisher = "Nature Publishing Group",
  volume    =  26,
  pages     = "303",
  year      =  2008
}

@article{Rattray2009,
	doi = {10.1088/1742-6596/197/1/012002},
	url = {https://doi.org/10.1088%2F1742-6596%2F197%2F1%2F012002},
	year = 2009,
	publisher = {{IOP} Publishing},
	volume = {197},
	pages = {012002},
	author = {Magnus Rattray and Oliver Stegle and Kevin Sharp and John Winn},
	title = {Inference algorithms and learning theory for Bayesian sparse factor analysis},
	journal = {Journal of Physics: Conference Series}
}


@article{Li2017b,
	Author = {Li, Ziyi and Safo, Sandra E. and Long, Qi},
	Journal = {BMC Bioinformatics},
	Number = {1},
	Pages = {332},
	Title = {Incorporating biological information in sparse principal component analysis with application to genomic data},
	Volume = {18},
	Year = {2017}}

@article{Ilin2010,
 author = {Ilin, Alexander and Raiko, Tapani},
 title = {Practical Approaches to Principal Component Analysis in the Presence of Missing Values},
 journal = {J. Mach. Learn. Res.},
 volume = {11},
 year = {2010},
 issn = {1532-4435},
 pages = {1957--2000},
 numpages = {44},
 url = {http://dl.acm.org/citation.cfm?id=1756006.1859917},
 acmid = {1859917},
 publisher = {JMLR.org}
} 


@ARTICLE{Tipping1999,
  title     = {Probabilistic Principal Component Analysis},
  author    = {Tipping, ME and CM Bishop},
  publisher = {Springer-Verlag},
  year      =  {1999},
  journal={Journal of the Royal Statistical Society},
  volume={61(3)},
  pages={611-22}
}

@Misc{Neal1995,
  title = {Bayesian learning for neural networks},
  author = {Radford M. Neal},
  year=1995,
  institution={University of Toronto}
}

@inproceedings{Bishop1999a,
 author = {Bishop, Christopher M.},
 title = {Bayesian PCA},
 booktitle = {Proceedings of the 1998 Conference on Advances in Neural Information Processing Systems II},
 year = {1999},
 isbn = {0-262-11245-0},
 pages = {382--388},
 numpages = {7},
 url = {http://dl.acm.org/citation.cfm?id=340534.340674},
 acmid = {340674},
 publisher = {MIT Press},
 address = {Cambridge, MA, USA}
} 

@Inproceedings{Bishop1999b,
	author = {Bishop, Christopher},
	title = {Variational Principal Components},
	booktitle = {Proceedings Ninth International Conference on Artificial Neural Networks, ICANN'99},
	year = {1999},
	url = {https://www.microsoft.com/en-us/research/publication/variational-principal-components/},
	pages = {509-514},
	volume = {1},
	edition = {Proceedings Ninth International Conference on Artificial Neural Networks, ICANN'99},
}

@ARTICLE{Huang2017b,
  title   = "More Is Better: Recent Progress in {Multi-Omics} Data Integration
             Methods",
  author  = "Huang, Sijia and Chaudhary, Kumardeep and Garmire, Lana X",
  journal = "Front. Genet.",
  volume  =  8,
  pages   = "1005",
  year    =  2017
}


@article{Hasin2017b,
	Author = {Hasin, Yehudit and Seldin, Marcus and Lusis, Aldons},
	Journal = {Genome Biology},
	Number = {1},
	Pages = {83},
	Title = {Multi-omics approaches to disease},
	Volume = {18},
	Year = {2017}
}



@article{Zeng2018,
	Author = {Zeng, Irene Sui Lan and Lumley, Thomas},
	Journal = {Bioinformatics and Biology Insights},
	Title = {Review of Statistical Learning Methods in Integrated Omics Studies (An Integrated Information Science)},
	Volume = {12},
	Year = {2018}
}


@article{Pilling2018,
	author = {Pilling, Mark},
	title = {Handbook of Applied Modelling: Non-Gaussian and Correlated Data},
	journal = {Journal of the Royal Statistical Society: Series A (Statistics in Society)},
	volume = {181},
	number = {4},
	pages = {1264-1265},
	doi = {10.1111/rssa.12402},
	url = {https://rss.onlinelibrary.wiley.com/doi/abs/10.1111/rssa.12402},
	eprint = {https://rss.onlinelibrary.wiley.com/doi/pdf/10.1111/rssa.12402},
	year = {2018}
}


@Inbook{Tosolini2016,
   author="Tosolini, Matteo and Jouneau, Alice",
   title="Acquiring Ground State Pluripotency: Switching Mouse Embryonic Stem Cells from Serum/LIF Medium to 2i/LIF Medium",
   bookTitle="Embryonic Stem Cell Protocols",
   year="2016",
   publisher="Springer New York",
   pages="41--48",
   isbn="978-1-4939-2954-2",
   doi="10.1007/7651_2015_207",
   url="https://doi.org/10.1007/7651_2015_207"
}



@article{Mohammed2017,
   Author = {Mohammed, Hisham and Hernando-Herraez, Irene and Savino, Aurora and Scialdone, Antonio and Macaulay, Iain and Mulas, Carla and Chandra, Tamir and Voet, Thierry and Dean, Wendy and Nichols, Jennifer and Marioni, John C. and Reik, Wolf},
   Journal = {Cell Reports},
   Month = {2018/03/11},
   Number = {5},
   Pages = {1215--1228},
   Title = {Single-Cell Landscape of Transcriptional Heterogeneity and Cell Fate Decisions during Mouse Early Gastrulation},
   Volume = {20}
}




@article{Auclair2014,
   author = {Auclair, Ghislain and Guibert, Sylvain and Bender, Ambre and Weber, Michael},
   title = {Ontogeny of CpG island methylation and specificity of DNMT3 methyltransferases during embryonic development in the mouse},
   journal = {Genome biology},
   volume = {15},
   number = {12},
   pages = {545},
   ISSN = {1474-760X},
   year = {2014},
   type = {Journal Article}
}


@article{Wang2014,
   Author = {Wang, Bo and Mezlini, Aziz M and Demir, Feyyaz and Fiume, Marc and Tu, Zhuowen and Brudno, Michael and Haibe-Kains, Benjamin and Goldenberg, Anna},
   Journal = {Nature Methods},
   Month = {01},
   Title = {Similarity network fusion for aggregating data types on a genomic scale},
   Volume = {11},
   Year = {2014}
}

@article {Mo2013,
   author = {Mo, Qianxing and Wang, Sijian and Seshan, Venkatraman E. and Olshen, Adam B. and Schultz, Nikolaus and Sander, Chris and Powers, R. Scott and Ladanyi, Marc and Shen, Ronglai},
   title = {Pattern discovery and cancer gene identification in integrated cancer genomic data},
   volume = {110},
   number = {11},
   pages = {4245--4250},
   year = {2013},
   doi = {10.1073/pnas.1208949110},
   journal = {Proceedings of the National Academy of Sciences}
}


@article{Shen2009,
   author = {Shen, Ronglai and Olshen, Adam B. and Ladanyi, Marc},
   title = {Integrative clustering of multiple genomic data types using a joint latent variable model with application to breast and lung cancer subtype analysis},
   journal = {Bioinformatics},
   volume = {25},
   number = {22},
   pages = {2906-2912},
   year = {2009},
   doi = {10.1093/bioinformatics/btp543}
}


@article{Costello2014,
	Author = {Costello, James C and Heiser, Laura M and Georgii, Elisabeth and G{\"o}nen, Mehmet and Menden, Michael P and Wang, Nicholas J and Bansal, Mukesh and Ammad-ud-din, Muhammad and Hintsanen, Petteri and Khan, Suleiman A and Mpindi, John-Patrick and Kallioniemi, Olli and Honkela, Antti and Aittokallio, Tero and Wennerberg, Krister and NCI DREAM Community and Abbuehl, Jean-Paul and Allen, Jeffrey and Altman, Russ B and Balcome, Shawn and Battle, Alexis and Bender, Andreas and Berger, Bonnie and Bernard, Jonathan and Bhattacharjee, Madhuchhanda and Bhuvaneshwar, Krithika and Bieberich, Andrew A and Boehm, Fred and Califano, Andrea and Chan, Christina and Chen, Beibei and Chen, Ting-Huei and Choi, Jaejoon and Coelho, Luis Pedro and Cokelaer, Thomas and Collins, James C and Creighton, Chad J and Cui, Jike and Dampier, Will and Davisson, V Jo and De Baets, Bernard and Deshpande, Raamesh and DiCamillo, Barbara and Dundar, Murat and Duren, Zhana and Ertel, Adam and Fan, Haoyang and Fang, Hongbin and Gallahan, Dan and Gauba, Robinder and Gottlieb, Assaf and Grau, Michael and Gray, Joe W and Gusev, Yuriy and Ha, Min Jin and Han, Leng and Harris, Michael and Henderson, Nicholas and Hejase, Hussein A and Homicsko, Krisztian and Hou, Jack P and Hwang, Woochang and IJzerman, Adriaan P and Karacali, Bilge and Kaski, Samuel and Keles, Sunduz and Kendziorski, Christina and Kim, Junho and Kim, Min and Kim, Youngchul and Knowles, David A and Koller, Daphne and Lee, Junehawk and Lee, Jae K and Lenselink, Eelke B and Li, Biao and Li, Bin and Li, Jun and Liang, Han and Ma, Jian and Madhavan, Subha and Mooney, Sean and Myers, Chad L and Newton, Michael A and Overington, John P and Pal, Ranadip and Peng, Jian and Pestell, Richard and Prill, Robert J and Qiu, Peng and Rajwa, Bartek and Sadanandam, Anguraj and Saez-Rodriguez, Julio and Sambo, Francesco and Shin, Hyunjin and Singer, Dinah and Song, Jiuzhou and Song, Lei and Sridhar, Arvind and Stock, Michiel and Stolovitzky, Gustavo and Sun, Wei and Ta, Tram and Tadesse, Mahlet and Tan, Ming and Tang, Hao and Theodorescu, Dan and Toffolo, Gianna Maria and Tozeren, Aydin and Trepicchio, William and Varoquaux, Nelle and Vert, Jean-Philippe and Waegeman, Willem and Walter, Thomas and Wan, Qian and Wang, Difei and Wang, Wen and Wang, Yong and Wang, Zhishi and Wegner, Joerg K and Wu, Tongtong and Xia, Tian and Xiao, Guanghua and Xie, Yang and Xu, Yanxun and Yang, Jichen and Yuan, Yuan and Zhang, Shihua and Zhang, Xiang-Sun and Zhao, Junfei and Zuo, Chandler and van Vlijmen, Herman W T and van Westen, Gerard J P and Collins, James J},
	Journal = {Nature Biotechnology},
	Month = {06},
	Title = {A community effort to assess and improve drug sensitivity prediction algorithms},
	Volume = {32},
	Year = {2014}
}


@article{Chen2013,
	author = {Chen, Rui and Snyder, Michael},
	title = {Promise of personalized omics to precision medicine},
	journal = {Wiley Interdisciplinary Reviews: Systems Biology and Medicine},
	volume = {5},
	number = {1},
	pages = {73-82},
	doi = {10.1002/wsbm.1198},
	url = {https://onlinelibrary.wiley.com/doi/abs/10.1002/wsbm.1198},
	eprint = {https://onlinelibrary.wiley.com/doi/pdf/10.1002/wsbm.1198},
	year = {2013}
}



@Article{Alyass2015,
author="Alyass, Akram
and Turcotte, Michelle
and Meyre, David",
title="From big data analysis to personalized medicine for all: challenges and opportunities",
journal="BMC Medical Genomics",
year="2015",
day="27",
volume="8",
number="1",
pages="33",
issn="1755-8794",
doi="10.1186/s12920-015-0108-y",
url="https://doi.org/10.1186/s12920-015-0108-y"
}



@ARTICLE{Dietrich2018,
  title    = "Drug-perturbation-based stratification of blood cancer",
  author   = "Dietrich, Sascha and Ole{\'s}, Ma{\l}gorzata and Lu, Junyan and
              Sellner, Leopold and Anders, Simon and Velten, Britta and Wu,
              Bian and H{\"u}llein, Jennifer and da Silva Liberio, Michelle and
              Walther, Tatjana and Wagner, Lena and Rabe, Sophie and
              Ghidelli-Disse, Sonja and Bantscheff, Marcus and Ole{\'s},
              Andrzej K and S{\l}abicki, Miko{\l}aj and Mock, Andreas and
              Oakes, Christopher C and Wang, Shihui and Oppermann, Sina and
              Lukas, Marina and Kim, Vladislav and Sill, Martin and Benner,
              Axel and Jauch, Anna and Sutton, Lesley Ann and Young, Emma and
              Rosenquist, Richard and Liu, Xiyang and Jethwa, Alexander and
              Lee, Kwang Seok and Lewis, Joe and Putzker, Kerstin and Lutz,
              Christoph and Rossi, Davide and Mokhir, Andriy and Oellerich,
              Thomas and Zirlik, Katja and Herling, Marco and Nguyen-Khac,
              Florence and Plass, Christoph and Andersson, Emma and Mustjoki,
              Satu and von Kalle, Christof and Ho, Anthony D and Hensel,
              Manfred and D{\"u}rig, Jan and Ringshausen, Ingo and Zapatka,
              Marc and Huber, Wolfgang and Zenz, Thorsten",
  journal  = "J. Clin. Invest.",
  volume   =  128,
  number   =  1,
  pages    = "427--445",
  year     =  2018
}


@ARTICLE{Fabbri2016,
  title    = "The molecular pathogenesis of chronic lymphocytic leukaemia",
  author   = "Fabbri, Giulia and Dalla-Favera, Riccardo",
  journal  = "Nat. Rev. Cancer",
  volume   =  16,
  number   =  3,
  pages    = "145--162",
  year     =  2016
}

@ARTICLE{Queiros2015,
  title    = "A B-cell epigenetic signature defines three biologic subgroups of
              chronic lymphocytic leukemia with clinical impact",
  author   = "Queir{\'o}s, A C and Villamor, N and Clot, G and
              Martinez-Trillos, A and Kulis, M and Navarro, A and Penas, E M M
              and Jayne, S and Majid, A and Richter, J and Bergmann, A K and
              Kolarova, J and Royo, C and Russi{\~n}ol, N and Castellano, G and
              Pinyol, M and Bea, S and Salaverria, I and L{\'o}pez-Guerra, M
              and Colomer, D and Aymerich, M and Rozman, M and Delgado, J and
              Gin{\'e}, E and Gonz{\'a}lez-D{\'\i}az, M and Puente, X S and
              Siebert, R and Dyer, M J S and L{\'o}pez-Ot{\'\i}n, C and Rozman,
              C and Campo, E and L{\'o}pez-Guillermo, A and Mart{\'\i}n-Subero,
              J I",
  journal  = "Leukemia",
  volume   =  29,
  number   =  3,
  pages    = "598--605",
  year     =  2015,
  language = "en"
}

@article {Bulian2017,
	author = {Bulian, Pietro and Bomben, Riccardo and Bo, Michele Dal and Zucchetto, Antonella and Rossi, Francesca Maria and Degan, Massimo and Pozzo, Federico and Bittolo, Tamara and Bravin, Vanessa and D{\textquoteright}Agaro, Tiziana and Cerri, Michaela and Chiarenza, Annalisa and Chaffee, Kari G. and Condoluci, Adalgisa and D{\textquoteright}Arena, Giovanni and Spina, Michele and Zaja, Francesco and Pozzato, Gabriele and Di Raimondo, Francesco and Rossi, Davide and Poeta, Giovanni Del and Gaidano, Gianluca and Shanafelt, Tait D. and Gattei, Valter},
	title = {Mutational status of IGHV is the most reliable prognostic marker in trisomy 12 chronic lymphocytic leukemia},
	volume = {102},
	number = {11},
	pages = {e443--e446},
	year = {2017},
	doi = {10.3324/haematol.2017.170340},
	publisher = {Haematologica},
	issn = {0390-6078},
	URL = {http://www.haematologica.org/content/102/11/e443},
	eprint = {http://www.haematologica.org/content/102/11/e443.full.pdf},
	journal = {Haematologica}
}




@article{Crombie2017,
	author = {Crombie, Jennifer and Davids, Matthew S.},
	title = {IGHV mutational status testing in chronic lymphocytic leukemia},
	journal = {American Journal of Hematology},
	volume = {92},
	number = {12},
	pages = {1393-1397},
	doi = {10.1002/ajh.24808},
	url = {https://onlinelibrary.wiley.com/doi/abs/10.1002/ajh.24808},
	eprint = {https://onlinelibrary.wiley.com/doi/pdf/10.1002/ajh.24808},
	year = {2017}
}



@ARTICLE{Vasconcelos2005,
  title    = "Gene expression profiling of chronic lymphocytic leukemia can
              discriminate cases with stable disease and mutated Ig genes from
              those with progressive disease and unmutated Ig genes",
  author   = "Vasconcelos, Y and De Vos, J and Vallat, L and Reme, T and
              Lalanne, A I and Wanherdrick, K and Michel, A and Nguyen-Khac, F
              and Oppezzo, P and Magnac, C and Maloum, K and
              Ajchenbaum-Cymbalista, F and Troussard, X and Leporrier, M and
              Klein, B and Dighiero, G and Davi, F and {French Cooperative
              Group on CLL}",
  journal  = "Leukemia",
  volume   =  19,
  number   =  11,
  pages    = "2002--2005",
  year     =  2005,
  language = "en"
}


@ARTICLE{Morabito2015,
  title    = "Surrogate molecular markers for {IGHV} mutational status in
              chronic lymphocytic leukemia for predicting time to first
              treatment",
  author   = "Morabito, Fortunato and Cutrona, Giovanna and Mosca, Laura and
              D'Anca, Marianna and Matis, Serena and Gentile, Massimo and
              Vigna, Ernesto and Colombo, Monica and Recchia, Anna Grazia and
              Bossio, Sabrina and De Stefano, Laura and Maura, Francesco and
              Manzoni, Martina and Ilariucci, Fiorella and Consoli, Ugo and
              Vincelli, Iolanda and Musolino, Caterina and Cortelezzi, Agostino
              and Molica, Stefano and Ferrarini, Manlio and Neri, Antonino",
  journal  = "Leuk. Res.",
  volume   =  39,
  number   =  8,
  pages    = "840--845",
  year     =  2015
}


@article{Lopez2018,
	Author = {Lopez, Romain and Regier, Jeffrey and Cole, Michael B. and Jordan, Michael I. and Yosef, Nir},
	Journal = {Nature Methods},
	Number = {12},
	Pages = {1053--1058},
	Title = {Deep generative modeling for single-cell transcriptomics},
	Volume = {15},
	Year = {2018}
}



@article{Eraslan2019,
	Author = {Eraslan, G{\"o}kcen and Simon, Lukas M. and Mircea, Maria and Mueller, Nikola S. and Theis, Fabian J.},
	Journal = {Nature Communications},
	Number = {1},
	Pages = {390},
	Title = {Single-cell RNA-seq denoising using a deep count autoencoder},
	Volume = {10},
	Year = {2019}
}



@article{Ding2018,
	Author = {Ding, Jiarui and Condon, Anne and Shah, Sohrab P.},
	Journal = {Nature Communications},
	Number = {1},
	Pages = {2002},
	Title = {Interpretable dimensionality reduction of single cell transcriptome data with deep generative models},
	Volume = {9},
	Year = {2018}
}

@article{Lin2017,
    author = {Lin, Chieh and Bar-Joseph, Ziv and Jain, Siddhartha and Kim, Hannah},
    title = "{Using neural networks for reducing the dimensions of single-cell RNA-Seq data}",
    journal = {Nucleic Acids Research},
    volume = {45},
    number = {17},
    pages = {e156-e156},
    year = {2017},
    issn = {0305-1048},
    doi = {10.1093/nar/gkx681},
    url = {https://dx.doi.org/10.1093/nar/gkx681}
}


@article{Lin2016,
	Author = {Lin, Dongdong and Zhang, Jigang and Li, Jingyao and Xu, Chao and Deng, Hong-Wen and Wang, Yu-Ping},
	Journal = {BMC Bioinformatics},
	Number = {1},
	Pages = {247},
	Title = {An integrative imputation method based on multi-omics datasets},
	Volume = {17},
	Year = {2016}
}


@ARTICLE{Hoffman2013,
  title     = "Stochastic variational inference",
  author    = "Hoffman, M D and Blei, D M and Wang, C and Paisley, J",
  journal   = "The Journal of Machine",
  publisher = "jmlr.org",
  year      =  2013
}

@ARTICLE{Buettner2017,
  title    = "{f-scLVM}: scalable and versatile factor analysis for single-cell
              {RNA-seq}",
  author   = "Buettner, Florian and Pratanwanich, Naruemon and McCarthy, Davis
              J and Marioni, John C and Stegle, Oliver",
  journal  = "Genome Biol.",
  volume   =  18,
  number   =  1,
  pages    = "212",
  year     =  2017
}

@article{Fuchs1988,
	title = "Keratins as biochemical markers of epithelial differentiation",
	journal = "Trends in Genetics",
	volume = "4",
	number = "10",
	pages = "277 - 281",
	year = "1988",
	issn = "0168-9525",
	doi = "https://doi.org/10.1016/0168-9525(88)90169-2",
	author = "Elaine Fuchs"
}

@ARTICLE{Mazumder2010,
  title    = "Spectral Regularization Algorithms for Learning Large Incomplete
              Matrices",
  author   = "Mazumder, Rahul and Hastie, Trevor and Tibshirani, Robert",
  journal  = "J. Mach. Learn. Res.",
  volume   =  11,
  number   = "Aug",
  pages    = "2287--2322",
  year     =  2010
}

@ARTICLE{Troyanskaya2001,
  title     = "Missing value estimation methods for {DNA} microarrays",
  author    = "Troyanskaya, Olga and Cantor, Michael and Sherlock, Gavin and
               Brown, Pat and Hastie, Trevor and Tibshirani, Robert and
               Botstein, David and Altman, Russ B",
  journal   = "Bioinformatics",
  publisher = "Oxford University Press",
  volume    =  17,
  number    =  6,
  pages     = "520--525",
  year      =  2001
}


@article{Damianou2016,
   author = {Damianou, Andreas and Lawrence, Neil D and Ek, Carl Henrik},
   title = {Multi-view Learning as a Nonparametric Nonlinear Inter-Battery Factor Analysis},
   journal = {arXiv preprint arXiv:1604.04939},
   year = {2016},
   type = {Journal Article}
}

@article{Cox1972,
	ISSN = {00359246},
	URL = {http://www.jstor.org/stable/2985181},
	author = {D. R. Cox},
	journal = {Journal of the Royal Statistical Society. Series B (Methodological)},
	number = {2},
	pages = {187--220},
	publisher = {[Royal Statistical Society, Wiley]},
	title = {Regression Models and Life-Tables},
	volume = {34},
	year = {1972}
}



@article{Faes2011,
	ISSN = {01621459},
	URL = {http://www.jstor.org/stable/23427566},
	author = {C. Faes and J. T. Ormerod and M. P. Wand},
	journal = {Journal of the American Statistical Association},
	number = {495},
	pages = {959--971},
	publisher = {[American Statistical Association, Taylor \& Francis, Ltd.]},
	title = {Variational Bayesian Inference for Parametric and Nonparametric Regression With Missing Data},
	volume = {106},
	year = {2011}
}



@ARTICLE{Braun2007,
       author = {{Braun}, Michael and {McAuliffe}, Jon},
        title = "{Variational inference for large-scale models of discrete choice}",
      journal = {arXiv e-prints},
         year = "2007",
          eid = {arXiv:0712.2526},
        pages = {arXiv:0712.2526},
archivePrefix = {arXiv},
       eprint = {0712.2526},
 primaryClass = {stat.ME}
}



@article{Zhao2016,
	title={Bayesian group factor analysis with structured sparsity},
	author={Zhao, Shiwen and Gao, Chuan and Mukherjee, Sayan and Engelhardt, Barbara E},
	journal={Journal of Machine Learning Research},
	volume={17},
	number={196},
	pages={1--47},
	year={2016}
}

@ARTICLE{Armagan2011,
       author = {{Armagan}, Artin and {Dunson}, David B. and {Clyde}, Merlise},
        title = "{Generalized Beta Mixtures of Gaussians}",
      journal = {arXiv e-prints},
         year = "2011",
        pages = {arXiv:1107.4976},
archivePrefix = {arXiv},
       eprint = {1107.4976}
}




@article{Buettner2015,
	Author = {Buettner, Florian and Natarajan, Kedar N and Casale, F Paolo and Proserpio, Valentina and Scialdone, Antonio and Theis, Fabian J and Teichmann, Sarah A and Marioni, John C and Stegle, Oliver},
	Journal = {Nature Biotechnology},
	Month = {01},
	Title = {Computational analysis of cell-to-cell heterogeneity in single-cell RNA-sequencing data reveals hidden subpopulations of cells},
	Volume = {33},
	Year = {2015}
}



@article{Hicks2017,
	author = {Hicks, Stephanie C and Townes, F William and Teng, Mingxiang and Irizarry, Rafael A},
	title = {Missing data and technical variability in single-cell RNA-sequencing experiments},
	journal = {Biostatistics},
	pages = {kxx053},
	year = {2017},
	doi = {10.1093/biostatistics/kxx053}
}


@article{Risso2018,
	Author = {Risso, Davide and Perraudeau, Fanny and Gribkova, Svetlana and Dudoit, Sandrine and Vert, Jean-Philippe},
	Journal = {Nature Communications},
	Number = {1},
	Pages = {284},
	Title = {A general and flexible method for signal extraction from single-cell RNA-seq data},
	Volume = {9},
	Year = {2018}
}



@article{Stegle2000,
   author = {Stegle, Oliver and Sharp, Kevin and Sharp, Kevin and Winn, John},
   title = {A Comparison of Inference in Sparse Factor Analysis},
   journal = {Journal of Machine Learning Research},
   pages = {1-48},
   year = {2000},
   type = {Journal Article}
}



@ARTICLE{Zhang2018,
       author = {{Zhang}, Chiyuan and {Vinyals}, Oriol and {Munos}, Remi and
         {Bengio}, Samy},
        title = "{A Study on Overfitting in Deep Reinforcement Learning}",
      journal = {arXiv e-prints},
         year = "2018",
          eid = {arXiv:1804.06893},
        pages = {arXiv:1804.06893},
archivePrefix = {arXiv},
       eprint = {1804.06893}
}


@article{Stegle2015,
	author       = {O Stegle and SA Teichmann and JC Marioni},
	title		 = {Computational and analytical challenges in single-cell transcriptomics},
	year		 = {2015},
	journaltitle = {Nat Rev Genet},
	volume		 = {16},
	issue 		 = {3},
	pages		 = {133-45}
}

@article{Sass2013,
    author = {Sass, Steffen and Buettner, Florian and Mueller, Nikola S. and Theis, Fabian J.},
    title = "{A modular framework for gene set analysis integrating multilevel omics data}",
    journal = {Nucleic Acids Research},
    volume = {41},
    number = {21},
    pages = {9622-9633},
    year = {2013},
    issn = {0305-1048},
    doi = {10.1093/nar/gkt752},
    url = {https://doi.org/10.1093/nar/gkt752}
}




@article{Hanafi2011,
	Author = {Hanafi, Mohamed and Kohler, Achim and Qannari, El-Mostafa},
	Journal = {Chemometrics and Intelligent Laboratory Systems},
	Number = {1},
	Pages = {37--40},
	Title = {Connections between multiple co-inertia analysis and consensus principal component analysis},
	Volume = {106},
	Year = {2011}
}


@article{Liu2012,
    author = {Liu, Chun-Chi and Shen, Hui and Laird, Peter W. and Zhang, Shihua and Li, Wenyuan and Zhou, Xianghong Jasmine},
    title = "{Discovery of multi-dimensional modules by integrative analysis of cancer genomic data}",
    journal = {Nucleic Acids Research},
    volume = {40},
    number = {19},
    pages = {9379-9391},
    year = {2012},
    issn = {0305-1048},
    doi = {10.1093/nar/gks725}
}





@article{Vallejos2015,
	Author = {Vallejos, Catalina A. and Marioni, John C. and Richardson, Sylvia},
	Journal = {PLOS Computational Biology},
	Month = {06},
	Number = {6},
	Pages = {e1004333--},
	Title = {BASiCS: Bayesian Analysis of Single-Cell Sequencing Data},
	Volume = {11},
	Year = {2015}
}


@article{Kharchenko2014,
	Author = {Kharchenko, Peter V and Silberstein, Lev and Scadden, David T},
	Journal = {Nature Methods},
	Month = {05},
	Title = {Bayesian approach to single-cell differential expression analysis},
	Volume = {11},
	Year = {2014}}



@article{VanDerWijst2018,
	Author = {van der Wijst, Monique G. P. and Brugge, Harm and de Vries, Dylan H. and Deelen, Patrick and Swertz, Morris A. and Franke, Lude and LifeLines Cohort Study and BIOS Consortium},
	Journal = {Nature Genetics},
	Number = {4},
	Pages = {493--497},
	Title = {Single-cell RNA sequencing identifies celltype-specific cis-eQTLs and co-expression QTLs},
	Volume = {50},
	Year = {2018}}



@article{Chen2016,
	Author = {Chen, Lu and Ge, Bing and Casale, Francesco Paolo and Vasquez, Louella and Kwan, Tony and Garrido-Mart{\'\i}n, Diego and Watt, Stephen and Yan, Ying and Kundu, Kousik and Ecker, Simone and Datta, Avik and Richardson, David and Burden, Frances and Mead, Daniel and Mann, Alice L. and Fernandez, Jose Maria and Rowlston, Sophia and Wilder, Steven P. and Farrow, Samantha and Shao, Xiaojian and Lambourne, John J. and Redensek, Adriana and Albers, Cornelis A. and Amstislavskiy, Vyacheslav and Ashford, Sofie and Berentsen, Kim and Bomba, Lorenzo and Bourque, Guillaume and Bujold, David and Busche, Stephan and Caron, Maxime and Chen, Shu-Huang and Cheung, Warren and Delaneau, Oliver and Dermitzakis, Emmanouil T. and Elding, Heather and Colgiu, Irina and Bagger, Frederik O. and Flicek, Paul and Habibi, Ehsan and Iotchkova, Valentina and Janssen-Megens, Eva and Kim, Bowon and Lehrach, Hans and Lowy, Ernesto and Mandoli, Amit and Matarese, Filomena and Maurano, Matthew T. and Morris, John A. and Pancaldi, Vera and Pourfarzad, Farzin and Rehnstrom, Karola and Rendon, Augusto and Risch, Thomas and Sharifi, Nilofar and Simon, Marie-Michelle and Sultan, Marc and Valencia, Alfonso and Walter, Klaudia and Wang, Shuang-Yin and Frontini, Mattia and Antonarakis, Stylianos E. and Clarke, Laura and Yaspo, Marie-Laure and Beck, Stephan and Guigo, Roderic and Rico, Daniel and Martens, Joost H. A. and Ouwehand, Willem H. and Kuijpers, Taco W. and Paul, Dirk S. and Stunnenberg, Hendrik G. and Stegle, Oliver and Downes, Kate and Pastinen, Tomi and Soranzo, Nicole},
	Journal = {Cell},
	Number = {5},
	Pages = {1398--1414.e24},
	Title = {Genetic Drivers of Epigenetic and Transcriptional Variation in Human Immune Cells},
	Volume = {167},
	Year = {2016}}



@article{Pierce2018,
	Author = {Pierce, Brandon L. and Tong, Lin and Argos, Maria and Demanelis, Kathryn and Jasmine, Farzana and Rakibuz-Zaman, Muhammad and Sarwar, Golam and Islam, Md. Tariqul and Shahriar, Hasan and Islam, Tariqul and Rahman, Mahfuzar and Yunus, Md. and Kibriya, Muhammad G. and Chen, Lin S. and Ahsan, Habibul},
	Journal = {Nature Communications},
	Number = {1},
	Pages = {804},
	Title = {Co-occurring expression and methylation QTLs allow detection of common causal variants and shared biological mechanisms},
	Volume = {9},
	Year = {2018}}



@article{Sul2015,
	Author = {Sul, Jae Hoon and Raj, Towfique and de Jong, Simone and de Bakker, Paul I. W. and Raychaudhuri, Soumya and Ophoff, Roel A. and Stranger, Barbara E. and Eskin, Eleazar and Han, Buhm},
	Journal = {The American Journal of Human Genetics},
	Number = {6},
	Pages = {857--868},
	Title = {Accurate and Fast Multiple-Testing Correction in eQTL Studies},
	Volume = {96},
	Year = {2015}}



@article{Bonder2016,
	Author = {Bonder, Marc Jan and Luijk, Ren{\'e} and Zhernakova, Daria V and Moed, Matthijs and Deelen, Patrick and Vermaat, Martijn and van Iterson, Maarten and van Dijk, Freerk and van Galen, Michiel and Bot, Jan and Slieker, Roderick C and Jhamai, P Mila and Verbiest, Michael and Suchiman, H Eka D and Verkerk, Marijn and van der Breggen, Ruud and van Rooij, Jeroen and Lakenberg, Nico and Arindrarto, Wibowo and Kielbasa, Szymon M and Jonkers, Iris and van 't Hof, Peter and Nooren, Irene and Beekman, Marian and Deelen, Joris and van Heemst, Diana and Zhernakova, Alexandra and Tigchelaar, Ettje F and Swertz, Morris A and Hofman, Albert and Uitterlinden, Andr{\'e}G and Pool, Ren{\'e} and van Dongen, Jenny and Hottenga, Jouke J and Stehouwer, Coen D A and van der Kallen, Carla J H and Schalkwijk, Casper G and van den Berg, Leonard H and van Zwet, Erik W and Mei, Hailiang and Li, Yang and Lemire, Mathieu and Hudson, Thomas J and the BIOS Consortium and Slagboom, P Eline and Wijmenga, Cisca and Veldink, Jan H and van Greevenbroek, Marleen M J and van Duijn, Cornelia M and Boomsma, Dorret I and Isaacs, Aaron and Jansen, Rick and van Meurs, Joyce B J and 't Hoen, Peter A C and Franke, Lude and Heijmans, Bastiaan T},
	Journal = {Nature Genetics},
	Month = {12},
	Title = {Disease variants alter transcription factor levels and methylation of their binding sites},
	Volume = {49},
	Year = {2016}}


@ARTICLE{Lanckriet2004,
  title    = "A statistical framework for genomic data fusion",
  author   = "Lanckriet, Gert R G and De Bie, Tijl and Cristianini, Nello and Jordan, Michael I and Noble, William Stafford",
  journal  = "Bioinformatics",
  volume   =  20,
  number   =  16,
  year     =  2004
}



@article{Bell2011,
	Author = {Bell, Jordana T. and Pai, Athma A. and Pickrell, Joseph K. and Gaffney, Daniel J. and Pique-Regi, Roger and Degner, Jacob F. and Gilad, Yoav and Pritchard, Jonathan K.},
	Journal = {Genome Biology},
	Number = {1},
	Title = {DNA methylation patterns associate with genetic and gene expression variation in HapMap cell lines},
	Volume = {12},
	Year = {2011}
}


@article{Frost2015,
	title={Principal component gene set enrichment (PCGSE)},
	author={Frost, H Robert and Li, Zhigang and Moore, Jason H},
	journal={BioData mining},
	volume={8},
	number={1},
	year={2015},
	publisher={BioMed Central}
}


@article{Dempsey2010,
	Author = {Dempsey, Nina C. and Leoni, Francesca and Ireland, H. Elyse and Hoyle, Christine and Williams, John H. H.},
	Journal = {Journal of Leukocyte Biology},
	Month = {2020/03/23},
	Number = {3},
	Pages = {467--476},
	Title = {Differential heat shock protein localization in chronic lymphocytic leukemia},
	Volume = {87},
	Year = {2010}}


@ARTICLE{Du2010,
  title    = "Comparison of Beta-value and M-value methods for quantifying
              methylation levels by microarray analysis",
  author   = "Du, Pan and Zhang, Xiao and Huang, Chiang-Ching and Jafari,
              Nadereh and Kibbe, Warren A and Hou, Lifang and Lin, Simon M",
  journal  = "BMC Bioinformatics",
  volume   =  11,
  pages    = "587",
  year     =  2010,
  language = "en"
}